@article{garen2007software,
  title={Software portability: Weighing options, making choices},
  author={Garen, Ken},
  journal={The CPA Journal},
  volume={77},
  number={11},
  pages={10},
  year={2007},
  publisher={New York State Society of Certified Public Accountants}
}
@inproceedings{binsubaih2005game,
  title={Game logic portability},
  author={BinSubaih, Ahmed and Maddock, Steve and Romano, Daniela},
  booktitle={Proceedings of the 2005 ACM SIGCHI International Conference on Advances in computer entertainment technology},
  pages={458--461},
  year={2005},
  organization={ACM}
}
@article{binsubaih2008game,
  title={Game portability using a service-oriented approach},
  author={BinSubaih, Ahmed and Maddock, Steve},
  journal={International Journal of Computer Games Technology},
  volume={2008},
  pages={3},
  year={2008},
  publisher={Hindawi Publishing Corp.}
}
@article{tanner1996software,
  title={Software portability: still an open issue?},
  author={Tanner, Paul},
  journal={StandardView},
  volume={4},
  number={2},
  pages={88--93},
  year={1996},
  publisher={ACM}
}
@inproceedings{stern1978some,
  title={Some experience in building portable software},
  author={Stern, Max},
  booktitle={Proceedings of the 3rd international conference on Software engineering},
  pages={327--332},
  year={1978},
  organization={IEEE Press}
}
@inproceedings{binsubaih2006architecture,
  title={An architecture for portable serious games},
  author={BinSubaih, Ahmed and Maddock, Steve and Romano, DM},
  booktitle={Doctoral Symposium, hosted at the 20th European Conference on Object-Oriented Programming ECOOP},
  pages={3--7},
  year={2006}
}
@inproceedings{binsubaih2007g,
  title={G-factor portability in game development using game engines},
  author={BinSubaih, Ahmed and Maddock, Steve},
  booktitle={Proceedings of the 3rd International Conference on Games Research and Development},
  pages={163--170},
  year={2007}
}
@incollection{mooney2004developing,
  title={Developing portable software},
  author={Mooney, James D},
  booktitle={Information Technology},
  pages={55--84},
  year={2004},
  publisher={Springer}
}
@phdthesis{franz1994code_generation,
  title={Code\_Generation On\_the\_Fly: A Key to Portable Software},
  author={Franz, Michael Steffen Oliver},
  year={1994},
  school={Citeseer}
}
@inproceedings{jazayeri2004education,
  title={The education of a software engineer},
  author={Jazayeri, Mehdi},
  booktitle={Proceedings of the 19th IEEE international conference on Automated software engineering},
  pages={18--xxvii},
  year={2004},
  organization={IEEE Computer Society}
}